@ONLINE {darpa,
    author = "DARPA",
    title  = "Toward Machines that Improve with Experience",
    month  = "mar",
    year   = "2017",
    url    = "http://www.darpa.mil/news-events/2017-03-16"
}

@article{Izquierdo2016,
author = {Izquierdo, Eduardo J. and Beer, Randall D.},
doi = {10.1016/j.conb.2016.06.005},
file = {:Users/artifex/ResearchPapers/The whole worm Brain-body-environment models of C. elegans - 2016 - Izquierdo, Beer.pdf:pdf},
issn = {18736882},
journal = {Current Opinion in Neurobiology},
pages = {23--30},
pmid = {27336738},
publisher = {Elsevier Ltd},
title = {{The whole worm: Brain-body-environment models of C. elegans}},
url = {http://dx.doi.org/10.1016/j.conb.2016.06.005},
volume = {40},
year = {2016}
}


@article{Bowren2016,
author = {Bowren, Joshua and Pugh, Justin and Stanley, Kenneth},
doi = {10.7551/978-0-262-33936-0-ch064},
file = {:Users/artifex/ResearchPapers/Fully Autonomous Real-Time Autoencoder-Augmented Hebbian Learning through the Collection of Novel Experiences - 2016 - Bowren, Pugh, Sta.pdf:pdf},
isbn = {978-0-262-33936-0},
journal = {Proceedings of the Artificial Life Conference 2016},
number = {Alife 15},
pages = {382--389},
title = {{Fully Autonomous Real-Time Autoencoder-Augmented Hebbian Learning through the Collection of Novel Experiences}},
url = {https://mitpress.mit.edu/sites/default/files/titles/content/alife16/978-0-262-33936-0-ch064.pdf},
year = {2016}
}

@article{Sinapayen2016,
archivePrefix = {arXiv},
arxivId = {1609.07706},
author = {Sinapayen, Lana and Masumori, Atsushi and Ikegami, Takashi},
doi = {10.1371/journal.pone.0170388},
eprint = {1609.07706},
file = {:Users/artifex/ResearchPapers/Learning by stimulation avoidance A principle to control spiking neural networks dynamics - 2016 - Sinapayen, Masumori, Ikegami.pdf:pdf},
isbn = {1111111111},
issn = {1932-6203},
pages = {17},
title = {{Learning by Stimulation Avoidance: A Principle to Control Spiking Neural Networks Dynamics}},
url = {http://arxiv.org/abs/1609.07706},
year = {2016}
}

@article{Roper2017,
author = {Roper, Mark and Fernando, Chrisantha and Chittka, Lars},
doi = {10.1371/journal.pcbi.1005333},
file = {:Users/artifex/ResearchPapers/Insect Bio-inspired Neural Network Provides New Evidence on How Simple Feature Detectors Can Enable Complex Visual Generalization and St.pdf:pdf},
isbn = {1111111111},
issn = {1553-7358},
journal = {PLOS Computational Biology},
number = {2},
pages = {e1005333},
title = {{Insect Bio-inspired Neural Network Provides New Evidence on How Simple Feature Detectors Can Enable Complex Visual Generalization and Stimulus Location Invariance in the Miniature Brain of Honeybees}},
url = {http://dx.plos.org/10.1371/journal.pcbi.1005333},
volume = {13},
year = {2017}
}

@article{Marblestone2016,
archivePrefix = {arXiv},
arxivId = {1606.03813},
author = {Marblestone, Adam Henry and Wayne, Greg and Kording, Konrad P},
doi = {10.1101/058545},
eprint = {1606.03813},
file = {:Users/artifex/ResearchPapers/Toward an Integration of Deep Learning and Neuroscience - 2016 - Marblestone et al.pdf:pdf},
isbn = {10.1101/058545},
issn = {1662-5188},
journal = {bioRxiv},
keywords = {cognitive architecture,cost functions,neural networks,neuroscience},
number = {September},
pages = {1--61},
pmid = {27683554},
title = {{Towards an integration of deep learning and neuroscience}},
url = {http://biorxiv.org/lookup/doi/10.1101/058545},
volume = {10},
year = {2016}
}
